%%%%%%%%%%%%%%%%%%%%%%%%%%%%%%%%%%%%%%%%%%%%%%%%%%%%%%%%%%%%%%%%%%%%%%%%%%%%%%%%%%%%%%%%%
%                                                                                       %    
%                                  biblatex Dokumentation                               %
%   https://ftp.tu-chemnitz.de/pub/tex/macros/latex/contrib/biblatex/doc/biblatex.pdf   %
%                                                                                       %
%%%%%%%%%%%%%%%%%%%%%%%%%%%%%%%%%%%%%%%%%%%%%%%%%%%%%%%%%%%%%%%%%%%%%%%%%%%%%%%%%%%%%%%%%


@book{KnutThea2009,
title = {The art of computer programming / Donald E. Knuth: Combinatorial algorithms Fasc. 1: Bitwise tricks \& techniques : binary decision diagrams},
author = {Donald Ervin Knuth},
publisher = {Addison-Wesley},
address = {Upper Saddle River, NJ [u.a.]},
year = {2009},
keywords = {Permutation},
ISBN = {0321580508},
}

@online{flignitz,
  title = {How-to LaTeX},
	url = {https://informatik.hs-bremerhaven.de/flignitz/latex.html},
	urldate = {2023-04-18},
	Author = {Fabian Lignitz},
	Language = {de},
	Month = {04},
	Year = {2023},
 }

@online{ionos,
  title = {Was ist ein Netzwerk},
  url = {https://www.ionos.de/digitalguide/server/knowhow/was-ist-ein-netzwerk/},
  urldate ={2021-12-08},
  Author = {IONOS},
  Language = {de},
  Month = {12},
  Year = {2021}
}

@online{dockerdocs,
  title = {Docker-Image vs. Container: Was sind die Unterschiede?},
  year = 2023,
  Author = Jacob Schmitt,
  url = {https://circleci.com/blog/docker-image-vs-container/},
  urldate = {2024-02-20}
}


@online{dockerdocs,
  title = {Use containers to Build, Share and Run your applications},
  year = 2024,
  Author = Docker,
  url = {https://www.docker.com/resources/what-container/},
  urldate = {2024-02-20}
}

@online{dockerdocs,
	
  Author = Thomas Joos / Andreas Donner,
  title = {Die 10 wichtigsten Vor- und Nachteile von Docker-Containern},
  year = 2019,
  url = {https://www.ip-insider.de/die-10-wichtigsten-vor-und-nachteile-von-docker-containern-a-844230/},
  urldate = {2024-02-20}
}


@online{dockerdocs,

  Author = Prof. Dr. Oliver Radfelder,
  title = {Docker Einf√ºhrung , Modul Vernetzte Systeme},
  year = 2024,
  url = {/home/oradfeder/seminars/vns-2023/docker/},
  urldate = {2024-02-20}
}


